@article{Rehman,
  title={An Effective Security Requirements Engineering
Framework for Cyber-Physical Systems},
  author={Shafiq ur Rehman and Volker Gruhn},
  journal={Cyber-Physical Systems: Data Processing and Communication Architectures}, 
  year={2018},
  publisher={MDPI}
  }
  